%YAML 1.1
%TAG !u! tag:unity3d.com,2011:
--- !u!1 &1579199048035478515
GameObject:
  m_ObjectHideFlags: 0
  m_CorrespondingSourceObject: {fileID: 0}
  m_PrefabInstance: {fileID: 0}
  m_PrefabAsset: {fileID: 0}
  serializedVersion: 6
  m_Component:
  - component: {fileID: 1579199048035478519}
  - component: {fileID: 1579199048035478518}
  - component: {fileID: 1579199048035478517}
  - component: {fileID: 1579199048035478516}
  - component: {fileID: 5249715698213885976}
  m_Layer: 0
  m_Name: Budynek26
  m_TagString: Untagged
  m_Icon: {fileID: 0}
  m_NavMeshLayer: 0
  m_StaticEditorFlags: 0
  m_IsActive: 1
--- !u!4 &1579199048035478519
Transform:
  m_ObjectHideFlags: 0
  m_CorrespondingSourceObject: {fileID: 0}
  m_PrefabInstance: {fileID: 0}
  m_PrefabAsset: {fileID: 0}
  m_GameObject: {fileID: 1579199048035478515}
  m_LocalRotation: {x: 0, y: 0, z: 0, w: 1}
  m_LocalPosition: {x: 35.53, y: 36.773, z: 0}
  m_LocalScale: {x: 3.5, y: 3.5, z: 1}
  m_Children:
  - {fileID: 568088941886807245}
  - {fileID: 7838486664009791364}
  m_Father: {fileID: 0}
  m_RootOrder: 0
  m_LocalEulerAnglesHint: {x: 0, y: 0, z: 0}
--- !u!212 &1579199048035478518
SpriteRenderer:
  m_ObjectHideFlags: 0
  m_CorrespondingSourceObject: {fileID: 0}
  m_PrefabInstance: {fileID: 0}
  m_PrefabAsset: {fileID: 0}
  m_GameObject: {fileID: 1579199048035478515}
  m_Enabled: 1
  m_CastShadows: 0
  m_ReceiveShadows: 0
  m_DynamicOccludee: 1
  m_MotionVectors: 1
  m_LightProbeUsage: 1
  m_ReflectionProbeUsage: 1
  m_RenderingLayerMask: 1
  m_RendererPriority: 0
  m_Materials:
  - {fileID: 10754, guid: 0000000000000000f000000000000000, type: 0}
  m_StaticBatchInfo:
    firstSubMesh: 0
    subMeshCount: 0
  m_StaticBatchRoot: {fileID: 0}
  m_ProbeAnchor: {fileID: 0}
  m_LightProbeVolumeOverride: {fileID: 0}
  m_ScaleInLightmap: 1
  m_ReceiveGI: 1
  m_PreserveUVs: 0
  m_IgnoreNormalsForChartDetection: 0
  m_ImportantGI: 0
  m_StitchLightmapSeams: 1
  m_SelectedEditorRenderState: 0
  m_MinimumChartSize: 4
  m_AutoUVMaxDistance: 0.5
  m_AutoUVMaxAngle: 89
  m_LightmapParameters: {fileID: 0}
  m_SortingLayerID: 0
  m_SortingLayer: 0
  m_SortingOrder: 2
  m_Sprite: {fileID: -5401740627518818078, guid: 040f2b5070757054faf7e7c82033df66,
    type: 3}
  m_Color: {r: 1, g: 1, b: 1, a: 1}
  m_FlipX: 0
  m_FlipY: 0
  m_DrawMode: 0
  m_Size: {x: 0.9301028, y: 0.90000004}
  m_AdaptiveModeThreshold: 0.5
  m_SpriteTileMode: 0
  m_WasSpriteAssigned: 1
  m_MaskInteraction: 0
  m_SpriteSortPoint: 0
--- !u!50 &1579199048035478517
Rigidbody2D:
  serializedVersion: 4
  m_ObjectHideFlags: 0
  m_CorrespondingSourceObject: {fileID: 0}
  m_PrefabInstance: {fileID: 0}
  m_PrefabAsset: {fileID: 0}
  m_GameObject: {fileID: 1579199048035478515}
  m_BodyType: 0
  m_Simulated: 1
  m_UseFullKinematicContacts: 0
  m_UseAutoMass: 0
  m_Mass: 1
  m_LinearDrag: 0
  m_AngularDrag: 0.05
  m_GravityScale: 0
  m_Material: {fileID: 0}
  m_Interpolate: 0
  m_SleepingMode: 1
  m_CollisionDetection: 0
  m_Constraints: 7
--- !u!60 &1579199048035478516
PolygonCollider2D:
  m_ObjectHideFlags: 0
  m_CorrespondingSourceObject: {fileID: 0}
  m_PrefabInstance: {fileID: 0}
  m_PrefabAsset: {fileID: 0}
  m_GameObject: {fileID: 1579199048035478515}
  m_Enabled: 1
  m_Density: 1
  m_Material: {fileID: 0}
  m_IsTrigger: 0
  m_UsedByEffector: 0
  m_UsedByComposite: 0
  m_Offset: {x: 0, y: 0}
  m_SpriteTilingProperty:
    border: {x: 0, y: 0, z: 0, w: 0}
    pivot: {x: 0.5, y: 0.5}
    oldSize: {x: 1.2501382, y: 1.1500001}
    newSize: {x: 0.9301028, y: 0.90000004}
    adaptiveTilingThreshold: 0.5
    drawMode: 0
    adaptiveTiling: 0
  m_AutoTiling: 0
  m_Points:
    m_Paths:
    - - {x: 0.5688509, y: 0.16403197}
      - {x: 0.5707528, y: 0.018613541}
      - {x: 0.40271756, y: 0.06810651}
      - {x: 0.0008021763, y: 0.107219145}
      - {x: -0.35106874, y: 0.11157989}
      - {x: -0.6279211, y: 0.13278924}
      - {x: -0.6279211, y: -0.3308558}
      - {x: -0.60776263, y: -0.35101426}
      - {x: -0.5865304, y: 0.072662346}
      - {x: -0.41781178, y: 0.06619262}
      - {x: -0.3960986, y: -0.43164816}
      - {x: 0.49087447, y: -0.43164816}
      - {x: 0.48079523, y: -0.40141046}
      - {x: 0.46119142, y: -0.29389843}
      - {x: 0.5916669, y: -0.29053882}
--- !u!114 &5249715698213885976
MonoBehaviour:
  m_ObjectHideFlags: 0
  m_CorrespondingSourceObject: {fileID: 0}
  m_PrefabInstance: {fileID: 0}
  m_PrefabAsset: {fileID: 0}
  m_GameObject: {fileID: 1579199048035478515}
  m_Enabled: 1
  m_EditorHideFlags: 0
  m_Script: {fileID: 11500000, guid: 0cfdd4b553feac64cb0149a4a18957d4, type: 3}
  m_Name: 
  m_EditorClassIdentifier: 
--- !u!1001 &7328862917881199888
PrefabInstance:
  m_ObjectHideFlags: 0
  serializedVersion: 2
  m_Modification:
    m_TransformParent: {fileID: 1579199048035478519}
    m_Modifications:
    - target: {fileID: 3187735759942549331, guid: b360609d442be494b9e34c6676c0ce5c,
        type: 3}
      propertyPath: m_Name
      value: Drzwi
      objectReference: {fileID: 0}
    - target: {fileID: 7086159062633210333, guid: b360609d442be494b9e34c6676c0ce5c,
        type: 3}
      propertyPath: m_LocalPosition.x
      value: -0.1070002
      objectReference: {fileID: 0}
    - target: {fileID: 7086159062633210333, guid: b360609d442be494b9e34c6676c0ce5c,
        type: 3}
      propertyPath: m_LocalPosition.y
      value: -0.31300002
      objectReference: {fileID: 0}
    - target: {fileID: 7086159062633210333, guid: b360609d442be494b9e34c6676c0ce5c,
        type: 3}
      propertyPath: m_LocalPosition.z
      value: 0
      objectReference: {fileID: 0}
    - target: {fileID: 7086159062633210333, guid: b360609d442be494b9e34c6676c0ce5c,
        type: 3}
      propertyPath: m_LocalRotation.x
      value: 0
      objectReference: {fileID: 0}
    - target: {fileID: 7086159062633210333, guid: b360609d442be494b9e34c6676c0ce5c,
        type: 3}
      propertyPath: m_LocalRotation.y
      value: 0
      objectReference: {fileID: 0}
    - target: {fileID: 7086159062633210333, guid: b360609d442be494b9e34c6676c0ce5c,
        type: 3}
      propertyPath: m_LocalRotation.z
      value: 0
      objectReference: {fileID: 0}
    - target: {fileID: 7086159062633210333, guid: b360609d442be494b9e34c6676c0ce5c,
        type: 3}
      propertyPath: m_LocalRotation.w
      value: 1
      objectReference: {fileID: 0}
    - target: {fileID: 7086159062633210333, guid: b360609d442be494b9e34c6676c0ce5c,
        type: 3}
      propertyPath: m_RootOrder
      value: 0
      objectReference: {fileID: 0}
    - target: {fileID: 7086159062633210333, guid: b360609d442be494b9e34c6676c0ce5c,
        type: 3}
      propertyPath: m_LocalEulerAnglesHint.x
      value: 0
      objectReference: {fileID: 0}
    - target: {fileID: 7086159062633210333, guid: b360609d442be494b9e34c6676c0ce5c,
        type: 3}
      propertyPath: m_LocalEulerAnglesHint.y
      value: 0
      objectReference: {fileID: 0}
    - target: {fileID: 7086159062633210333, guid: b360609d442be494b9e34c6676c0ce5c,
        type: 3}
      propertyPath: m_LocalEulerAnglesHint.z
      value: 0
      objectReference: {fileID: 0}
    m_RemovedComponents: []
  m_SourcePrefab: {fileID: 100100000, guid: b360609d442be494b9e34c6676c0ce5c, type: 3}
--- !u!4 &568088941886807245 stripped
Transform:
  m_CorrespondingSourceObject: {fileID: 7086159062633210333, guid: b360609d442be494b9e34c6676c0ce5c,
    type: 3}
  m_PrefabInstance: {fileID: 7328862917881199888}
  m_PrefabAsset: {fileID: 0}
--- !u!1001 &7404380236876037346
PrefabInstance:
  m_ObjectHideFlags: 0
  serializedVersion: 2
  m_Modification:
    m_TransformParent: {fileID: 1579199048035478519}
    m_Modifications:
    - target: {fileID: 722337972860193638, guid: ee1721b7570d2ac4894a21f2186c52ea,
        type: 3}
      propertyPath: m_LocalPosition.x
      value: -0.075
      objectReference: {fileID: 0}
    - target: {fileID: 722337972860193638, guid: ee1721b7570d2ac4894a21f2186c52ea,
        type: 3}
      propertyPath: m_LocalPosition.y
      value: -0.553
      objectReference: {fileID: 0}
    - target: {fileID: 722337972860193638, guid: ee1721b7570d2ac4894a21f2186c52ea,
        type: 3}
      propertyPath: m_LocalPosition.z
      value: 0
      objectReference: {fileID: 0}
    - target: {fileID: 722337972860193638, guid: ee1721b7570d2ac4894a21f2186c52ea,
        type: 3}
      propertyPath: m_LocalRotation.x
      value: 0
      objectReference: {fileID: 0}
    - target: {fileID: 722337972860193638, guid: ee1721b7570d2ac4894a21f2186c52ea,
        type: 3}
      propertyPath: m_LocalRotation.y
      value: 0
      objectReference: {fileID: 0}
    - target: {fileID: 722337972860193638, guid: ee1721b7570d2ac4894a21f2186c52ea,
        type: 3}
      propertyPath: m_LocalRotation.z
      value: 0
      objectReference: {fileID: 0}
    - target: {fileID: 722337972860193638, guid: ee1721b7570d2ac4894a21f2186c52ea,
        type: 3}
      propertyPath: m_LocalRotation.w
      value: 1
      objectReference: {fileID: 0}
    - target: {fileID: 722337972860193638, guid: ee1721b7570d2ac4894a21f2186c52ea,
        type: 3}
      propertyPath: m_RootOrder
      value: 1
      objectReference: {fileID: 0}
    - target: {fileID: 722337972860193638, guid: ee1721b7570d2ac4894a21f2186c52ea,
        type: 3}
      propertyPath: m_LocalEulerAnglesHint.x
      value: 0
      objectReference: {fileID: 0}
    - target: {fileID: 722337972860193638, guid: ee1721b7570d2ac4894a21f2186c52ea,
        type: 3}
      propertyPath: m_LocalEulerAnglesHint.y
      value: 0
      objectReference: {fileID: 0}
    - target: {fileID: 722337972860193638, guid: ee1721b7570d2ac4894a21f2186c52ea,
        type: 3}
      propertyPath: m_LocalEulerAnglesHint.z
      value: 0
      objectReference: {fileID: 0}
    - target: {fileID: 1953550680792439469, guid: ee1721b7570d2ac4894a21f2186c52ea,
        type: 3}
      propertyPath: m_Name
      value: Respawn
      objectReference: {fileID: 0}
    m_RemovedComponents: []
  m_SourcePrefab: {fileID: 100100000, guid: ee1721b7570d2ac4894a21f2186c52ea, type: 3}
--- !u!4 &7838486664009791364 stripped
Transform:
  m_CorrespondingSourceObject: {fileID: 722337972860193638, guid: ee1721b7570d2ac4894a21f2186c52ea,
    type: 3}
  m_PrefabInstance: {fileID: 7404380236876037346}
  m_PrefabAsset: {fileID: 0}
